% Encoding: UTF-8

@Book{knuth:1984,
  author    = {Donald E. Knuth},
  date      = {1984},
  title     = {The \TeX\ Book},
  isbn      = {9-789-2131-5464},
  publisher = {Addison-Wesley},
}

@Article{ziegenhagen:2020,
  author       = {Uwe Ziegenhagen},
  date         = {2020-01-01},
  journaltitle = {Die TeXnische Kom√∂die},
  title        = {Referenzen in LaTeX},
  number       = {2},
  pages        = {50--55},
  url          = {www.dante.de},
}

@WWW{virt:2020,
  author  = {Uwe Ziegenhagen},
  date    = {2020-11-01},
  title   = {Virtuelle Desktops in Windows 10},
  url     = {https://www.uweziegenhagen.de/?p=4429},
  urldate = {2020-11-07},
}

@Comment{jabref-meta: databaseType:biblatex;}
